<record><leader>00000cas a2200000 a 4500</leader><controlfield tag="001">37042988</controlfield><controlfield tag="008">970610d19161935oruwr ne      0    0eng c</controlfield><datafield ind1=" " ind2=" " tag="010"><subfield code="a">sn 96088258 </subfield></datafield><datafield ind1=" " ind2=" " tag="040"><subfield code="a">OCN</subfield><subfield code="b">eng</subfield><subfield code="c">OCN</subfield><subfield code="d">OCLCQ</subfield><subfield code="d">ORU</subfield><subfield code="d">OCLCQ</subfield><subfield code="d">OCLCF</subfield><subfield code="d">OCLCO</subfield></datafield><datafield ind1=" " ind2=" " tag="042"><subfield code="a">pcc</subfield></datafield><datafield ind1=" " ind2=" " tag="043"><subfield code="a">n-us-or</subfield></datafield><datafield ind1="0" ind2="4" tag="245"><subfield code="a">The Crane american.</subfield></datafield><datafield ind1=" " ind2=" " tag="260"><subfield code="a">Crane, Harney County, Or. :</subfield><subfield code="b">Gallagher &amp; Carter,</subfield><subfield code="c">1916-1935.</subfield></datafield><datafield ind1=" " ind2=" " tag="300"><subfield code="a">20 v.</subfield></datafield><datafield ind1=" " ind2=" " tag="310"><subfield code="a">Weekly</subfield></datafield><datafield ind1="0" ind2=" " tag="362"><subfield code="a">Vol. 1, no. 1 (Aug. 18, 1916)-v. 20, no. 17 (Dec. 6, 1935).</subfield></datafield><datafield ind1=" " ind2=" " tag="530"><subfield code="a">Also issued on microfilm from University of Oregon.</subfield></datafield><datafield ind1=" " ind2="0" tag="651"><subfield code="a">Harney County (Or.)</subfield><subfield code="v">Newspapers.</subfield></datafield><datafield ind1=" " ind2="0" tag="651"><subfield code="a">Crane (Or.)</subfield><subfield code="v">Newspapers.</subfield></datafield><datafield ind1=" " ind2="7" tag="655"><subfield code="a">Newspapers.</subfield><subfield code="2">fast</subfield><subfield code="0">(OCoLC)fst01423814</subfield></datafield><datafield ind1=" " ind2="7" tag="651"><subfield code="a">Oregon</subfield><subfield code="z">Crane.</subfield><subfield code="2">fast</subfield><subfield code="0">(OCoLC)fst01280756</subfield></datafield><datafield ind1=" " ind2="7" tag="651"><subfield code="a">Oregon</subfield><subfield code="z">Harney County.</subfield><subfield code="2">fast</subfield><subfield code="0">(OCoLC)fst01208936</subfield></datafield><datafield ind1=" " ind2=" " tag="752"><subfield code="a">United States</subfield><subfield code="b">Oregon</subfield><subfield code="c">Harney</subfield><subfield code="d">Crane.</subfield></datafield><datafield ind1="0" ind2="0" tag="785"><subfield code="t">Harney County american</subfield><subfield code="w">(DLC)sn 96088257</subfield><subfield code="w">(OCoLC)37043001</subfield></datafield></record>